@online {
    mri_mrt_skadekompassen,
    title={{Magnetkamera (MRI – MRT)}},
    author={Axel Öhlin},
    date={2014-03-18},
    url={https://skadekompassen.se/undersokningsmetoder/mri-mrt-magnetrontgen/}
}
@online {
    mri_nobelpris_pressmeddelande,
    title={{Pressmeddelande: Nobelpriset i Fysiologi eller Medicin år 2003}},
    author={{Nobel Media AB}},
    date={2003-10-06},
    url={https://www.nobelprize.org/prizes/medicine/2003/press-release/}
}

@article {
    nmr_eller_mri,
    title={Nuclear magnetic resonance imaging: With or without nuclear?},
    journal={Journal of the American College of Cardiology},
    volume={7},
    number={3},
    pages={709-710},
    year={1986},
    issn={0735-1097},
    doi={10.1016/S0735-1097(86)80486-7},
    url={https://www.sciencedirect.com/science/article/pii/S0735109786804867},
    author={Gerald M. Pohost and Gabriel A. Elgavish and William T. Evanochko}
}
@book {
    mri_lärobok,
    title={Magnetic Resonance Imaging: Physical Principles and Sequence Design, Second Edition},
    date={2014-04-22},
    doi={10.1002/9781118633953},
    isbn={9780471720850},
    url={https://onlinelibrary.wiley.com/doi/book/10.1002/9781118633953},
    author={Robert W. Brown and Yu-Chung N. Cheng and E. Mark Haacke and Michael R. Thompson and Ramesh Venkatesan}
}

@online {
    larmor_frekvens,
    title={Larmor frequency},
    author={Andrew Murphy and Jeremy Jones and others},
    year={2020},
    url={https://radiopaedia.org/articles/larmor-frequency}
}

% https://science.howstuffworks.com/mri.htm
% https://www.cis.rit.edu/htbooks/nmr/inside.htm
% http://mriquestions.com/index.html
% https://pmj.bmj.com/content/89/1050/209
% https://my-ms.org/mri_physics.htm
% https://pubs.rsna.org/doi/full/10.1148/rg.25405502
% https://courses.lumenlearning.com/physics/chapter/30-8-quantum-numbers-and-rules/